@misc{nasa2014srtm1sdem,
  author={{NASA LP DAAC}},
  title={SRTM 1 Arc-Second Global},
  year={2000},
  address={NASA EOSDIS Land Processes DAAC, USGS Earth Resources Observation and Science (EROS) Center, Sioux Falls, South Dakota},
  howpublished={\url{https://earthexplorer.usgs.gov/}},
  note={published September 2014, accessed May 2016}
}
@article{bishop1995drainage,
  title={Drainage rearrangement by river capture, beheading and diversion},
  author={Bishop, Paul},
  journal={Progress in physical geography},
  volume={19},
  number={4},
  pages={449--473},
  year={1995},
  publisher={Sage Publications Sage CA: Thousand Oaks, CA}
}
@article{sun2007fast,
  title={Fast and effective feature-preserving mesh denoising},
  author={Sun, Xianfang and Rosin, Paul and Martin, Ralph and Langbein, Frank},
  journal={IEEE Transactions on Visualization \& Computer Graphics},
  number={5},
  pages={925--938},
  year={2007},
  publisher={IEEE}
}
@article{oksanen2013package,
  title={Package ‘vegan’},
  author={Oksanen, Jari and Blanchet, F Guillaume and Kindt, Roeland and Legendre, Pierre and Minchin, Peter R and O’hara, RB and Simpson, Gavin L and Solymos, Peter and Stevens, M Henry H and Wagner, Helene and others},
  journal={Community ecology package, version},
  volume={2},
  number={9},
  pages={1--295},
  year={2013}
}
@article{banda2016plant,
  title={Plant diversity patterns in neotropical dry forests and their conservation implications},
  author={Banda, Karina and Delgado-Salinas, Alfonso and Dexter, Kyle G and Linares-Palomino, Reynaldo and Oliveira-Filho, Ary and Prado, Dari{\'e}n and Pullan, Martin and Quintana, Catalina and Riina, Ricarda and Rodr{\'\i}guez, Gina M and others},
  journal={Science},
  volume={353},
  number={6306},
  pages={1383--1387},
  year={2016},
  publisher={American Association for the Advancement of Science}
}
@misc{Antwiki,
  title = {Ants of hispaniola},
  howpublished = {\url{http://www.antwiki.org/wiki/Ants_of_Hispaniola}},
  note = {Accessed: 2019-10-29}
}
Antwiki. Ants of hispaniola. Available from http://www.antwiki.org/wiki/Ants_of_Hispaniola.  Accessed 29 October 2019
}
@article{reyeshormigas,
  title={hormigas sinantr{\'o}picas en Santiago de Cuba (Hymenoptera: Formicidae)},
  author={REYES, Jorge L},
  journal={COCUYO},
  pages={44}
}
@article{res1993phylogeny,
  title={Phylogeny of aculeata: chrysidoidea and vespoidea (Hymenoptera)},
  author={RES, JHYM},
  journal={J. Hym. Res},
  volume={2},
  number={1},
  pages={227--304},
  year={1993}
}
@article{fernandez2001hormigas,
  title={Las hormigas del suelo en M{\'e}xico: diversidad, distribuci{\'o}n e importancia (Hymenoptera: Formicidae)},
  author={Fern{\'a}ndez, Patricia Rojas},
  journal={Acta Zool{\'o}gica Mexicana (nueva serie)},
  number={Es1},
  pages={189--238},
  year={2001},
  publisher={Instituto de Ecolog{\'\i}a, AC}
}